<?xml version="1.0" encoding="utf-8"?>
<record xmlns="http://www.loc.gov/MARC21/slim" xmlns:xsi="http://www.w3.org/2001/XMLSchema-instance" xsi:schemaLocation="http://www.loc.gov/MARC21/slim http://www.loc.gov/standards/marcxml/schema/MARC21slim.xsd">
	<leader>     nam a22     Mi 4500</leader>
	<controlfield tag="001">857284</controlfield>
	<controlfield tag="003">NjP</controlfield>
	<controlfield tag="006">m        d        </controlfield>
	<controlfield tag="007">cr cn |||m|||a</controlfield>
	<controlfield tag="008">210310s18uu    ua      o     000 0 ara d</controlfield>
	<datafield ind1=" " ind2=" " tag="040">
		<subfield code="a">ZYU</subfield>
		<subfield code="b">ara</subfield>
		<subfield code="e">rda</subfield>
		<subfield code="c">ZYU</subfield>
	</datafield>
	<datafield ind1="1" ind2=" " tag="100">
		<subfield code="6">880-01</subfield>
		<subfield code="a">Miṣrī, Mīkhāʼīl ʻAbd al-Sayyid.</subfield>
	</datafield>
	<datafield ind1="1" ind2="0" tag="245">
		<subfield code="6">880-02</subfield>
		<subfield code="a">Sulwān al-shajī fī al-radd ʻalá Irāhīm al-Yāzijī /</subfield>
		<subfield code="c">taʼlīf Mīkhāʼīl Afandī ʻAbd al-Sayyid al-Miṣrī.</subfield>
	</datafield>
	<datafield ind1=" " ind2=" " tag="260">
		<subfield code="a">[Cairo] :</subfield>
		<subfield code="b">[publisher not identified],</subfield>
		<subfield code="c">[18--]</subfield>
	</datafield>
	<datafield ind1=" " ind2=" " tag="300">
		<subfield code="a">online resource (197 pages)</subfield>
	</datafield>
	<datafield ind1=" " ind2=" " tag="336">
		<subfield code="a">text</subfield>
		<subfield code="2">rdacontent</subfield>
	</datafield>
	<datafield ind1=" " ind2=" " tag="337">
		<subfield code="a">computer</subfield>
		<subfield code="2">rdamedia</subfield>
	</datafield>
	<datafield ind1=" " ind2=" " tag="338">
		<subfield code="a">online resource</subfield>
		<subfield code="2">rdacarrier</subfield>
	</datafield>
	<datafield ind1=" " ind2=" " tag="500">
		<subfield code="a">Defense of Aḥmad Fāris al-Shidyāq against polemics of Ibrāhīm al-Yāzijī.</subfield>
	</datafield>
	<datafield ind1=" " ind2=" " tag="500">
		<subfield code="a">Part of the Arabic Collections Online (ACO) project, contributed by Princeton University Libraries.</subfield>
	</datafield>
	<datafield ind1=" " ind2=" " tag="533">
		<subfield code="a">Electronic reproduction.</subfield>
		<subfield code="b">New York, N.Y. :</subfield>
		<subfield code="c">New York University,</subfield>
		<subfield code="d">2021.</subfield>
		<subfield code="5">NNU</subfield>
	</datafield>
	<datafield ind1="1" ind2="0" tag="600">
		<subfield code="a">Shidyāq, Aḥmad Fāris,</subfield>
		<subfield code="d">1804?-1887.</subfield>
	</datafield>
	<datafield ind1="1" ind2="0" tag="600">
		<subfield code="a">Yāzijī, Ibrāhīm,</subfield>
		<subfield code="d">1847-1906.</subfield>
	</datafield>
	<datafield ind1="1" ind2="7" tag="600">
		<subfield code="a">Shidyāq, Aḥmad Fāris,</subfield>
		<subfield code="d">1804?-1887</subfield>
		<subfield code="2">fast</subfield>
		<subfield code="0">(OCoLC)fst00163955</subfield>
	</datafield>
	<datafield ind1="1" ind2="7" tag="600">
		<subfield code="a">Yāzijī, Ibrāhīm,</subfield>
		<subfield code="d">1847-1906</subfield>
		<subfield code="2">fast</subfield>
		<subfield code="0">(OCoLC)fst00088378</subfield>
	</datafield>
	<datafield ind1="2" ind2=" " tag="710">
		<subfield code="a">Princeton University.</subfield>
		<subfield code="b">Library.</subfield>
	</datafield>
	<datafield ind1="0" ind2=" " tag="730">
		<subfield code="a">Arabic Collections Online.</subfield>
	</datafield>
	<datafield ind1="0" ind2="8" tag="776">
		<subfield code="i">Online version:</subfield>
		<subfield code="a">Miṣrī, Mīkhāʼīl ʻAbd al-Sayyid.</subfield>
		<subfield code="t">Sulwān al-shajī fī al-radd ʻalá Irāhīm al-Yāzijī.</subfield>
		<subfield code="d">[Cairo : s.n., 18--]</subfield>
		<subfield code="w">(OCoLC)657073441</subfield>
	</datafield>
	<datafield ind1="0" ind2="8" tag="776">
		<subfield code="i">Print version:</subfield>
		<subfield code="a">Miṣrī, Mīkhāʼīl ʻAbd al-Sayyid.</subfield>
		<subfield code="t">Sulwān al-shajī fī al-radd ʻalá Irāhīm al-Yāzijī</subfield>
		<subfield code="w">(NjP)857284</subfield>
		<subfield code="w">(OCoLC)29685404</subfield>
	</datafield>
	<datafield ind1="4" ind2="0" tag="856">
		<subfield code="u">http://hdl.handle.net/2333.1/ht76hqzd</subfield>
	</datafield>
	<datafield ind1="1" ind2=" " tag="880">
		<subfield code="6">100-01</subfield>
		<subfield code="a">مصري، ميخائيل عبد السيد.</subfield>
	</datafield>
	<datafield ind1="1" ind2="0" tag="880">
		<subfield code="6">245-02</subfield>
		<subfield code="a">سلوان الشجي في الرد على اراهيم اليازجي /</subfield>
		<subfield code="c">تأليف ميخائيل افندي عبد السيد المصري.</subfield>
	</datafield>
	<datafield ind1=" " ind2=" " tag="959">
		<subfield code="a">NNU</subfield>
		<subfield code="b">WEB</subfield>
		<subfield code="c">GENI</subfield>
		<subfield code="t">0</subfield>
		<subfield code="m">Electronic access</subfield>
		<subfield code="s">01</subfield>
	</datafield>
	<datafield ind1=" " ind2=" " tag="999">
		<subfield code="i">NjP_857284</subfield>
		<subfield code="o">(OCoLC)ocm29685404</subfield>
		<subfield code="s">princeton_aco004836:</subfield>
		<subfield code="e">(ERROR-880)(ERROR-MISC)</subfield>
		<subfield code="s">princeton_aco004836:</subfield>
	</datafield>
</record>
